@article{breymann2005intraday,
  title={Intraday empirical analysis and modeling of diversified world stock indices},
  author={Breymann, Wolfgang and Kelly, Leah and Platen, Eckhard},
  journal={Asia-Pacific Financial Markets},
  volume={12},
  number={1},
  pages={1--28},
  year={2005},
  publisher={Springer}
}


@inproceedings{kummer2012history,
  title={The history of derivatives: A few milestones},
  author={Kummer, Steve and Pauletto, Christian},
  booktitle={EFTA Seminar on Regulation of Derivatives Markets},
  pages={431--466},
  year={2012}
}

@book{moss2010dojima,
  title={The Dojima rice market and the origins of futures trading},
  author={Moss, David A and Kintgen, Eugene},
  year={2010},
  publisher={Harvard Business School}
}

@incollection{weber2009short,
  title={A short history of derivative security markets},
  author={Weber, Ernst Juerg},
  booktitle={Vinzenz Bronzinâ€™s option pricing models},
  pages={431--466},
  year={2009},
  publisher={Springer}
}

@article{platen2006benchmark,
  title={A benchmark approach to finance},
  author={Platen, Eckhard},
  journal={Mathematical Finance: An International Journal of Mathematics, Statistics and Financial Economics},
  volume={16},
  number={1},
  pages={131--151},
  year={2006},
  publisher={Wiley Online Library}
}

@article{heath2005currency,
  title={Currency derivatives under a minimal market model with random scaling},
  author={Heath, David and Platen, Eckhard},
  journal={International Journal of Theoretical and Applied Finance},
  volume={8},
  number={08},
  pages={1157--1177},
  year={2005},
  publisher={World Scientific}
}

@article{platen2004modeling,
  title={Modeling the volatility and expected value of a diversified world index},
  author={Platen, Eckhard},
  journal={International Journal of Theoretical and Applied Finance},
  volume={7},
  number={04},
  pages={511--529},
  year={2004},
  publisher={World Scientific}
}

@article{plotter2005stochastic,
  title={Stochastic integration and differential equation},
  author={Plotter, PE},
  journal={Stochastic Modeling and Applied Probability},
  volume={21},
  year={2005}
}

@article{dupire1992arbitrage,
  title={Arbitrage pricing with stochastic volatility},
  author={Dupire, Bruno},
  journal={Soci{\'e}t{\'e} G{\'e}n{\'e}rale},
  year={1992}
}

@incollection{heath2002pricing,
  title={Pricing and hedging of index derivatives under an alternative asset price model with endogenous stochastic volatility},
  author={Heath, David and Platen, Eckhard},
  booktitle={Recent Developments in Mathematical Finance},
  pages={117--126},
  year={2002},
  publisher={World Scientific}
}



@article{heath2004understanding,
  title={Understanding the implied volatility surface for options on a diversified index},
  author={Heath, David and Platen, Eckhard},
  journal={Asia-Pacific Financial Markets},
  volume={11},
  number={1},
  pages={55--77},
  year={2004},
  publisher={Springer}
}

@incollection{platen2001minimal,
  title={A minimal financial market model},
  author={Platen, Eckhard},
  booktitle={Mathematical finance},
  pages={293--301},
  year={2001},
  publisher={Springer}
}

@article{platen2002arbitrage,
  title={Arbitrage in continuous complete markets},
  author={Platen, Eckhard},
  journal={Advances in Applied Probability},
  volume={34},
  number={3},
  pages={540--558},
  year={2002},
  publisher={Cambridge University Press}
}



@article{heath2000pricing,
  title={Pricing and hedging of derivatives under an alternative asset price model with stochastic volatility. University of Technology Sydney},
  author={Heath, D and Platen, E},
  year={2000},
  journal={working paper}
}

@book{karatzas1998methods,
  title={Methods of mathematical finance},
  author={Karatzas, Ioannis and Shreve, Steven E and Karatzas, I and Shreve, Steven E},
  volume={39},
  year={1998},
  publisher={Springer}
}

@incollection{kelly2011new,
  title={A new interpretation of information rate},
  author={Kelly Jr, John L},
  booktitle={The Kelly capital growth investment criterion: theory and practice},
  pages={25--34},
  year={2011},
  publisher={World Scientific}
}


@article{malz1997estimating,
  title={Estimating the probability distribution of the future...},
  author={Malz, Allan M},
  journal={Journal of Derivatives},
  volume={5},
  number={2},
  pages={18--36},
  year={1997},
  publisher={Euromoney Publications PLC}
}

@article{roll1984arbitrage,
  title={The arbitrage pricing theory approach to strategic portfolio planning},
  author={Roll, Richard and Ross, Stephen A},
  journal={Financial analysts journal},
  volume={40},
  number={3},
  pages={14--26},
  year={1984},
  publisher={Taylor \& Francis}
}









